@article{testref,
  author = {张三},
  title = {云编译参考文献示例},
  journal = {测试期刊},
  year = {2025},
  volume = {1},
  pages = {1-5}
}